<?xml version="1.0" encoding="UTF-8"?><collection xmlns="http://www.loc.gov/MARC21/slim"><record><leader>00392nam--2200133-i-4500</leader><controlfield tag="001">000018953</controlfield><controlfield tag="002">20161230</controlfield><controlfield tag="005">20161230201033</controlfield><controlfield tag="008">060222s1000------------r-----000-0-eng-d</controlfield><datafield ind1=" " ind2=" " tag="080"><subfield code="a">669.14</subfield></datafield><datafield ind1=" " ind2=" " tag="245"><subfield code="a">Fonte si oteluri.marci si conditii generale. colectie de stas-uri</subfield></datafield><datafield ind1=" " ind2=" " tag="260"><subfield code="a">Bucuresti, E.S.I.P., 1967. 613 P. + 18 Pl</subfield></datafield><datafield ind1=" " ind2=" " tag="490"><subfield code="a">Biblioteca Standardizarii,Seria Tehnica A</subfield></datafield><datafield ind1=" " ind2=" " tag="852"><subfield code="a">27203</subfield></datafield></record></collection>